@book{Hatcher,
  title={Algebraic Topology},
  author={Hatcher, A.},
  year={2002},
  publisher={Cambridge University Press}
}
@book{may1999concise,
  title={A Concise Course in Algebraic Topology},
  author={May, J.P.},
  series={Chicago Lectures in Mathematics},
  year={1999},
  publisher={University of Chicago Press}
}
@book{may2012more,
  title={More Concise Algebraic Topology: Localization, Completion, and Model Categories},
  author={May, J.P. and Ponto, K.},
  series={Chicago Lectures in Mathematics},
  year={2012},
  publisher={University of Chicago Press}
}
@book{ATfromHomotopy,
  title={Algebraic Topology from a Homotopical Viewpoint},
  author={Aguilar, M. and Sontz, S.B. and Gitler, S. and Prieto, C.},
  series={Universitext},
  year={2002},
  publisher={Springer New York}
}
@book{HTT,
 author = {Jacob Lurie},
 publisher = {Princeton University Press},
 title = {Higher Topos Theory},
 year = {2009}
}
@book{ICWM,
 author = {Emily Riehl and Dominic Verity},
 publisher = {in progress },
 title = {$\infty$-Categories for the Working Mathematician},
 year = {2018}
}

